
@Misc{mininet,
  OPTkey = 	 {},
  author =	 "{Mininet Team}",
  title =	 "{Mininet - An Instant Virtual Network on your Laptop (or other PC)}",
  howpublished = {\url{http://mininet.org}},
  OPTmonth = 	 {},
  OPTyear = 	 {},
  OPTnote = 	 {},
  OPTannote = 	 {}
}

@Misc{openflow.wp,
  OPTkey = 	 {},
  author =	 {Nick McKeown and Tom Anderson and Hari Balakrishnan and Guru Parulkar and Larry Peterson and Jennifer Rexford and Scott Shenker and Jonathan Turner},
  title =	 "{OpenFlow: Enabling Innovation in Campus Networks}",
  howpublished = {\url{http://www.openflow.org/documents/openflow-wp-latest.pdf}},
  OPTmonth = 	 {},
  OPTyear = 	 {},
  OPTnote = 	 {},
  OPTannote = 	 {}
}

@inproceedings{random.host.mutation,
 author = {Jafarian, Jafar Haadi and Al-Shaer, Ehab and Duan, Qi},
 title = {Openflow random host mutation: transparent moving target defense using software defined networking},
 booktitle = {Proceedings of the first workshop on Hot topics in software defined networks},
 series = {HotSDN '12},
 year = {2012},
 isbn = {978-1-4503-1477-0},
 location = {Helsinki, Finland},
 pages = {127--132},
 numpages = {6},
 url = {http://doi.acm.org/10.1145/2342441.2342467},
 doi = {10.1145/2342441.2342467},
 acmid = {2342467},
 publisher = {ACM},
 address = {New York, NY, USA},
 keywords = {ip mutation, moving target defense, security, software-defined networking},
} 
@inproceedings{ristenpart2009hey,
  title={Hey, you, get off of my cloud: exploring information leakage in third-party compute clouds},
  author={Ristenpart, Thomas and Tromer, Eran and Shacham, Hovav and Savage, Stefan},
  booktitle={Proceedings of the 16th ACM conference on Computer and communications security},
  pages={199--212},
  year={2009},
  organization={ACM}
}
@article{white2002integrated,
  title={An integrated experimental environment for distributed systems and networks},
  author={White, Brian and Lepreau, Jay and Stoller, Leigh and Ricci, Robert and Guruprasad, Shashi and Newbold, Mac and Hibler, Mike and Barb, Chad and Joglekar, Abhijeet},
  journal={ACM SIGOPS Operating Systems Review},
  volume={36},
  number={SI},
  pages={255--270},
  year={2002},
  publisher={ACM}
}
