@inproceedings{banerjee2013moca,
	title={MOCA: a lightweight mobile cloud offloading architecture},
	author={Banerjee, Arijit and Chen, Xu and Erman, Jeffrey and Gopalakrishnan, Vijay and Lee, Seungjoon and Van Der Merwe, Jacobus},
	booktitle={Proceedings of the eighth ACM international workshop on Mobility in the evolving internet architecture},
	pages={11--16},
	year={2013},
	organization={ACM}
}


@article{jin2013softcell,
	title={SoftCell: Scalable and Flexible Cellular Core Network Architecture},
	author={Jin, Xin and Li, Li Erran and Vanbever, Laurent and Rexford, Jennifer},
	year={2013}
}


@inproceedings{li2012toward,
	title={Toward software-defined cellular networks},
	author={Li, Li Erran and Mao, Z Morley and Rexford, Jennifer},
	booktitle={Software Defined Networking (EWSDN), 2012 European Workshop on},
	pages={7--12},
	year={2012},
	organization={IEEE}
}


@techreport{3GPP:2012,
  author      = "3GPP",
  title       = "3GPP TS 23.203 Policy and charging control architecture",
  institution = "3GPP",
  year        = "2012",
  month       = "03"
}
@inproceedings{balakrishnan2009s,
  title={Where's that phone?: geolocating IP addresses on 3G networks},
  author={Balakrishnan, Mahesh and Mohomed, Iqbal and Ramasubramanian, Venugopalan},
  booktitle={Proceedings of the 9th ACM SIGCOMM conference on Internet measurement conference},
  pages={294--300},
  year={2009},
  organization={ACM}
}

@inproceedings{dong20113g,
  title={3G meets the internet: understanding the performance of hierarchical routing in 3G networks},
  author={Dong, Wei and Ge, Zihui and Lee, Seungjoon},
  booktitle={Proceedings of the 23rd International Teletraffic Congress},
  pages={15--22},
  year={2011},
  organization={ITCP}
}
@inproceedings{huang2013depth,
  title={An in-depth study of LTE: Effect of network protocol and application behavior on performance},
  author={Huang, Junxian and Qian, Feng and Guo, Yihua and Zhou, Yuanyuan and Xu, Qiang and Mao, Z Morley and Sen, Subhabrata and Spatscheck, Oliver},
  booktitle={Proceedings of the ACM SIGCOMM 2013 conference on SIGCOMM},
  pages={363--374},
  year={2013},
  organization={ACM}
}
@inproceedings{xu2011cellular,
  title={Cellular data network infrastructure characterization and implication on mobile content placement},
  author={Xu, Qiang and Huang, Junxian and Wang, Zhaoguang and Qian, Feng and Gerber, Alexandre and Mao, Zhuoqing Morley},
  booktitle={Proceedings of the ACM SIGMETRICS joint international conference on Measurement and modeling of computer systems},
  pages={317--328},
  year={2011},
  organization={ACM}
}

@inproceedings{agarwal2009matchmaking,
  title={Matchmaking for online games and other latency-sensitive P2P systems},
  author={Agarwal, Sharad and Lorch, Jacob R},
  booktitle={ACM SIGCOMM Computer Communication Review},
  volume={39},
  number={4},
  pages={315--326},
  year={2009},
  organization={ACM}
}

@inproceedings{Dong:2011:MIU:2043468.2043472,
 author = {Dong, Wei and Ge, Zihui and Lee, Seungjoon},
 title = {3G Meets the Internet: Understanding the Performance of Hierarchical Routing in 3G Networks},
 booktitle = {Proceedings of the 23rd International Teletraffic Congress},
 series = {ITC '11},
 year = {2011},
 isbn = {978-0-9836283-0-9},
 location = {San Francisco, California},
 pages = {15--22},
 numpages = {8},
 url = {http://dl.acm.org/citation.cfm?id=2043468.2043472},
 acmid = {2043472},
 publisher = {International Teletraffic Congress},
} 
@misc{http://www.techsupportalert.com:2013,
  author = "http://www.techsupportalert.com",
  title  = "5 Best Free Video Streaming Sites",
  month  = "11",
  year   = "2013",
  url    = "http://www.techsupportalert.com/5-Best-Free-Video-Streaming-Sites.htm"
}
@misc{http://www.serverpact.com:2013,
  author = "http://www.serverpact.com",
  title  = "Top 10 Gaming Servers of our complete ServerPact database",
  month  = "11",
  year   = "2013",
  url    = "http://www.serverpact.com"
}
@misc{Minecraft.net:2013,
  author = "Minecraft.net",
  title  = "Minecraft",
  month  = "11",
  year   = "2013",
  url    = "https://minecraft.net"
}
@Misc{OVS,
	OPTkey =       {},
	author =       "{OpenVswitch}",
	title =        {},
	howpublished = {\url{http://openvswitch.org/}},
	OPTmonth =     {},
	OPTyear =      {},
	OPTnote =      {},
	OPTannote =    {}
}

@Misc{ryu,
	OPTkey =       {},
	author =       {},
	title =        "{Ryu controller, a component-based software-defined networking framework}",
	howpublished = {\url{http://osrg.github.io/ryu/}},
	OPTmonth =     {},
	OPTyear =      {},
	OPTnote =      {},
	OPTannote =    {}
}

@Misc{openepc,
	OPTkey =       {},
	author =       {},
	title =        "{OpenEPC - Open Evolved Packet Core}",
	howpublished = {\url{http://www.openepc.net/index.html}},
	OPTmonth =     {},
	OPTyear =      {},
	OPTnote =      {},
	OPTannote =    {}
}
@Misc{py_struct,
	OPTkey =       {},
	author =       "{}",
	title =        "{struct - Interpret strings as packed binary data}",
	howpublished = {\url{docs.python.org/2/library/struct.html}},
	OPTmonth =     {},
	OPTyear =      {},
	OPTnote =      {},
	OPTannote =    {}
}
