@inproceedings{banerjee2013moca,
	title={MOCA: a lightweight mobile cloud offloading architecture},
	author={Banerjee, Arijit and Chen, Xu and Erman, Jeffrey and Gopalakrishnan, Vijay and Lee, Seungjoon and Van Der Merwe, Jacobus},
	booktitle={Proceedings of the eighth ACM international workshop on Mobility in the evolving internet architecture},
	pages={11--16},
	year={2013},
	organization={ACM}
}


@article{jin2013softcell,
	title={SoftCell: Scalable and Flexible Cellular Core Network Architecture},
	author={Jin, Xin and Li, Li Erran and Vanbever, Laurent and Rexford, Jennifer},
	year={2013}
}


@inproceedings{li2012toward,
	title={Toward software-defined cellular networks},
	author={Li, Li Erran and Mao, Z Morley and Rexford, Jennifer},
	booktitle={Software Defined Networking (EWSDN), 2012 European Workshop on},
	pages={7--12},
	year={2012},
	organization={IEEE}
}

@inproceedings{dong20113g,
	title={3G meets the internet: understanding the performance of hierarchical routing in 3G networks},
	author={Dong, Wei and Ge, Zihui and Lee, Seungjoon},
	booktitle={Proceedings of the 23rd International Teletraffic Congress},
	pages={15--22},
	year={2011},
	organization={ITCP}
}











































